<?xml version="1.0" encoding="UTF-8"?><collection xmlns="http://www.loc.gov/MARC21/slim"><record><leader>00390nam--2200109-i-4500</leader><controlfield tag="001">000021792</controlfield><controlfield tag="002">20161230</controlfield><controlfield tag="005">20161230201034</controlfield><controlfield tag="008">060222s1000------------r-----000-0-eng-d</controlfield><datafield ind1=" " ind2=" " tag="245"><subfield code="a">Evacuation des dechets radioactifs dans la mer.repport du groupe special d`experts preside par m.h.brynielson(fevrier 1960)</subfield></datafield><datafield ind1=" " ind2=" " tag="260"><subfield code="a">Vienne,Agence Internationale De L`Energie Atomique, 1960. P.Dif</subfield></datafield><datafield ind1=" " ind2=" " tag="852"><subfield code="a">7159</subfield></datafield></record></collection>